<record><leader>00000cas a22000007a 4500</leader><controlfield tag="001">17941271</controlfield><controlfield tag="008">880512d19031905ohuwr ne      0    0eng d</controlfield><datafield ind1=" " ind2=" " tag="010"><subfield code="a">sn 88077482 </subfield></datafield><datafield ind1=" " ind2=" " tag="040"><subfield code="a">ONP</subfield><subfield code="b">eng</subfield><subfield code="c">ONP</subfield><subfield code="d">OCLCQ</subfield></datafield><datafield ind1=" " ind2=" " tag="042"><subfield code="a">msc</subfield></datafield><datafield ind1="0" ind2=" " tag="130"><subfield code="a">Republican-record (Lebanon, Warren County, Ohio)</subfield></datafield><datafield ind1="1" ind2="4" tag="245"><subfield code="a">The Republican-record.</subfield></datafield><datafield ind1=" " ind2=" " tag="260"><subfield code="a">Lebanon, Ohio :</subfield><subfield code="b">Warren County Record Pub. &amp; Print. Co.,</subfield><subfield code="c">1903-</subfield></datafield><datafield ind1=" " ind2=" " tag="310"><subfield code="a">Weekly</subfield></datafield><datafield ind1="0" ind2=" " tag="362"><subfield code="a">Vol. 5, no. 3 (Aug. 22, 1903)-</subfield></datafield><datafield ind1="1" ind2=" " tag="362"><subfield code="a">Ceased with Oct. 5, 1905 issue?</subfield></datafield><datafield ind1=" " ind2=" " tag="752"><subfield code="a">United States</subfield><subfield code="b">Ohio</subfield><subfield code="c">Warren</subfield><subfield code="d">Lebanon.</subfield></datafield><datafield ind1="0" ind2="0" tag="780"><subfield code="t">Warren County record (Lebanon, Warren County, Ohio)</subfield><subfield code="w">(DLC)sn 88077480</subfield></datafield></record>